%References

% ''These were not called'' marker.

@techreport{REF:86
  ,author      = {{n/a.}}
  ,title       = {{\hl{?Nothing after this point appears in the document}.}}
  ,institution = {{n/a.}}
  ,type        = {{n/a.}}
  ,number      = {{n/a.}}
  ,year        = {{n/a.}}
}




% --------------
% Figure Sources
% --------------

@misc{REF:figure:ubot5
  ,title        = {{Inverted Pendulum}}
  ,howpublished = {{\url{https://en.wikipedia.org/wiki/Inverted_pendulum}}}
  ,note         = {{Accessed: 2017-02-05}}
}

@misc{REF:figure:ubot5
  ,title        = {{Researchers create life-saving uBOT-5 robot, play dress-up with it}}
  ,howpublished = {{\url{https://www.engadget.com/2008/04/17/researchers-create-life-saving-ubot-5-robot-play-dress-up-with/}}}
  ,note         = {{Accessed: 2017-02-05}}
}













