% References settings:


% ''These were not called'' marker.

%@techreport{REF:86
%  ,author      = {n/a.}
%  ,title       = {{\hl{?Nothing after this point appears in the document}.}}
%  ,institution = {n/a.}
%  ,type        = {n/a.}
%  ,number      = {n/a.}
%  ,date        = {1900-01-01}
%}




% -------
% Article
% -------




% BibSource: http://www.sciencedirect.com/science/article/pii/S1367578813000060
@article{REF:article:2013-chan
  ,author      = {Chan, Ronald Ping Man
                   and Stol, Karl A.
                   and Halkyard, C. Roger
                 }
  ,title       = {Review of modelling and control of two-wheeled robots}
  ,journal     = {Annual Reviews in Control}
  ,date        = {2013-04}
  ,volume      = {37}
  ,number      = {1}
  ,pages       = {89--103}
}




% ----------
% Conference
% ----------




% BibSource: http://www.araa.asn.au/acra/acra2010/papers/pap132s1-file1.pdf
% BibSource: http://www.araa.asn.au/acra/acra2010/
% BibSource: https://www.researchgate.net/publication/267941440_Modelling_and_Stability_Control_of_Two-Wheeled_Robots_in_Low-Traction_Environments
@inproceedings{REF:conference:2010-jones
 ,author       = {Jones, Daniel R. 
                   and Stol, Karl A.
                 }
 ,title        = {Modelling and Stability Control of Two-Wheeled Robots in Low-Traction Environments}
 ,booktitle    = {Australasian Conference on Robotics and Automation (ACRA) 2010}
 ,date         = {2010-12}
 ,editor       = {Wyeth, Gordon
                   and Upcroft, Ben}
 ,address      = {Brisbane, Australia}
 ,organization = {Australian Robotics \& Automation Association (ARAA)}
}




% BibSource: http://ieeexplore.ieee.org/document/6828364/
@inproceedings{REF:conference:2014-jamil
 ,author       = {Jamil, Osama 
                   and Jamil, Mosin
                   and Ayaz, Yasar
                   and Ahmad Khubab
                 }
 ,title        = {Modeling, Control of a Two-Wheeled Self-Balancing Robot}
 ,booktitle    = {2014 International Coneference on Robotics and Emerging Allied Technologies in Engineering (iCREATE)}
 ,date         = {2014-04}
 ,address      = {Islamabad, Pakistan}
 ,organization = {IEEE}
 ,doi          = {10.1109/iCREATE.2014.6828364}
}




% BibSource: https://www.researchgate.net/publication/269293296_An_optimization_approach_to_the_pole-placement_design_of_robust_linear_multivariable_control_systems
@inproceedings{REF:conference:2014-vaccaro
 ,author       = {Vaccaro, Richard J.}
 ,title        = {An Optimization Approach to the Pole-Placement Design of Robust Linear Multivariable Control Systems}
 ,booktitle    = {2014 American Control Conference (ACC)}
 ,date         = {2014-06}
 ,address      = {Portland, OR, USA}
 ,organization = {ACC}
 ,doi          = {10.1109/ACC.2014.6858987}
}




% BibSource: https://www.researchgate.net/publication/269293296_An_optimization_approach_to_the_pole-placement_design_of_robust_linear_multivariable_control_systems
@inproceedings{REF:conference:2015-gong
 ,author       = {Gong, Yulei
                   and Huijiao Ma
                   and Xiao Wu
                 }
 ,title        = {Research on Control Strategy of Two-wheeled Self-balancing Robot}
 ,booktitle    = {2015 International Conference on Computer Science and Mechanical Automation (CSMA)}
 ,date         = {2015-10}
 ,address      = {Hangzhou, China}
 ,organization = {IEEE}
 ,doi          = {10.1109/CSMA.2015.63}
}




% BibSource: ??
@inproceedings{REF:conference:2015-howard
 ,author       = {Howard, Brian
                   and Bushnell, Linda
                 }
 ,title        = {Enhancing Linear System Theory Curriculum with an Inverted Pendulum Robot}
 ,booktitle    = {2015 International Conference on Computer Science and Mechanical Automation (CSMA)}
 ,date         = {2015-10}
 ,address      = {Hangzhou, China}
 ,organization = {IEEE}
 ,doi          = {10.1109/CSMA.2015.63}
}




% ---------
% Interview
% ---------




@misc{REF:interview:2017-01-23-vaccaro
 ,author       = {Vaccaro, Richard J.}
 ,organization = {University of Rhode Island (URI): Department of Electrical Engineering}
 ,howpublished = {Personal Interview}
 ,date         = {2017-01-23}
} 




% ------
% Online
% ------

@online{REF:online:wikipedia:invertedPendulum:physicalModel
 ,author       = {{Wikipedia}}
 ,title        = {Inverted Pendulum}
 ,date         = {2017-06-24}
 ,url          = {https://en.wikipedia.org/wiki/Inverted_pendulum}
 ,urldate      = {2017-07-03}
 ,organization = {Wikimedia Foundation}
}




@online{REF:online:twoWheeledRobot:examplePhoto
 ,author       = {Melanson, Donald}
 ,title        = {Researchers Create Life-saving UBOT-5 Robot, Play Dress-up with It}
 ,date         = {2016-07-14}
 ,url          = {https://www.engadget.com/2008/04/17/researchers-create-life-saving-ubot-5-robot-play-dress-up-with/}
 ,urldate      = {2017-02-05}
 ,organization = {Engadget}
}




@online{REF:online:minseg:home
 ,author       = {{MinSeg}}
 ,title        = {Homepage}
%,date         = {2016-07-03}
 ,url          = {https://minseg.com/}
 ,urldate      = {2017-07-03}
}




@online{REF:online:mathworks:home
 ,author       = {{Mathworks}}
 ,title        = {Homepage}
%,date         = {2016-07-03}
 ,url          = {https://www.mathworks.com/}
 ,urldate      = {2017-07-03}
}




@online{REF:online:mathworks:arduino
 ,author       = {{Mathworks}}
 ,title        = {Arduino Programming with MATLAB and Simulink}
%,date         = {2016-07-03}
 ,url          = {https://www.mathworks.com/discovery/arduino-programming-matlab-simulink.html}
 ,urldate      = {2017-07-03}
}




@online{REF:online:hurst:minsegDrivers
 ,author       = {Hurst, Joshua}
 ,title        = {Rensselaer Arduino Support Package Library (RASPLib)}
 ,titleaddon   = {1.1}
 ,date         = {2016-06-17}
 ,url          = {https://www.mathworks.com/matlabcentral/fileexchange/62702-rensselaer-arduino-support-package-library--rasplib-}
 ,urldate      = {2017-07-03}
 ,organization = {Rensselaer Polytechnic Institute (RPI)}
}




@online{REF:online:minseg:m2v3
 ,author       = {{MinSeg}}
 ,title        = {M2V3}
%,date         = {2016-07-03}
 ,url          = {https://minseg.com/collections/minseg-kits/products/minsegshield-kit-m2v3-2-dual-drive-segway-and-line-follower}
 ,urldate      = {2017-07-03}
}




@online{REF:online:wikipedia:arduino
 ,author       = {{Wikipedia}}
 ,title        = {Inverted Pendulum}
 ,date         = {2017-07-01}
 ,url          = {https://en.wikipedia.org/wiki/Arduino}
 ,urldate      = {2017-07-03}
 ,organization = {Wikimedia Foundation}
}




@online{REF:online:arduino:clock
 ,author       = {{jkenny23}}
 ,title        = {Crystal vs. Resonator}
 ,date         = {2011-05-09}
 ,url          = {https://forum.arduino.cc/index.php?topic=60662.0}
 ,urldate      = {2017-07-03}
 ,organization = {Arduino}
}





@online{REF:online:arduino:unoVsMega
 ,author       = {{Arduino Geeks}}
 ,title        = {Arduino Mega Vs Uno Compared}
 ,date         = {2017-02-02}
 ,url          = {https://www.arduinostarterkits.com/reviews/arduino-mega-vs-uno-compared/}
 ,urldate      = {2017-07-03}
 ,organization = {Arduino Starter Kits}
}




@online{REF:online:reichelt:arduinoMega
 ,author       = {{Reichelt Elektronik}}
 ,title        = {Arduino Mega: Arduino Mega 2560, ATmega1280, USB}
%,date         = {2017-02-02}
 ,url          = {https://www.reichelt.com/de/en/Single-board-microcontroller/ARDUINO-MEGA/3/index.html?ACTION=3&GROUPID=6667&ARTICLE=119696}
 ,urldate      = {2017-07-03}
}




@online{REF:online:pighiXXX:pinout:arduinoMega
 ,author       = {{Alberto "PighiXXX"}}
 ,title        = {Mega}
 ,date         = {2014-08-04}
 ,url          = {http://www.pighixxx.com/test/portfolio-items/mega/}
 ,urldate      = {2017-07-03}
 ,organization = {PighiXXX}
}




@online{REF:online:powerstream:batteryDrainage
 ,author       = {PowerStream}
 ,title        = {Discharge tests of AA Batteries, Alkaline and NiMH}
 ,date         = {2017-06-29}
 ,url          = {https://www.powerstream.com/AA-tests.htm}
 ,urldate      = {2017-07-03}
}




@online{REF:online:ti:datasheet:sn754410
 ,author       = {{Texas Instruments}}
 ,title        = {SN754410: Quadruple H Drivers}
 ,date         = {2015-01}
 ,url          = {http://www.ti.com/product/sn754410?qgpn=sn754410}
 ,urldate      = {2017-07-03}
}




@online{REF:online:philohome
 ,author       = {{"Philo" Hurbain}, Philippe}
 ,title        = {NXT Motor Internals}
 ,date         = {2017-05-15}
 ,url          = {http://www.philohome.com/nxtmotor/nxtmotor.htm}
 ,urldate      = {2017-07-03}
}




@online{REF:online:legoWheels
%,author       = {}
 ,title        = {Lego Wheels Chart}
 ,date         = {2016-10-03}
 ,url          = {http://wheels.sariel.pl/}
 ,urldate      = {2017-07-03}
}




@online{REF:online:everymac:macbookpro:2015
 ,author       = {{Everymac}}
 ,title        = {Apple MacBook Pro "Core i5" 2.7 13" Early 2015 Specs}
 ,date         = {2017-05-22}
 ,url          = {http://www.everymac.com/systems/apple/macbook_pro/specs/macbook-pro-core-i5-2.7-13-early-2015-retina-display-specs.html}
 ,urldate      = {2017-07-03}
}




@online{REF:online:mathworks:supportedCompilers
 ,author       = {{Mathworks}}
 ,title        = {Previous Releases: System Requirements and Supported Compilers}
%,date         = {2017-05-22}
 ,url          = {https://www.mathworks.com/support/sysreq/previous_releases.html}
 ,urldate      = {2017-07-03}
}




@online{REF:online:2009-yamamoto
 ,author       = {Yamamoto, Yorihisa}
 ,title        = {NXTway-GS (Self-Balancing Two-Wheeled Robot) Controller Design}
 ,date         = {2009-05-01}
 ,url          = {https://www.mathworks.com/matlabcentral/fileexchange/19147-nxtway-gs--self-balancing-two-wheeled-robot--controller-design}
 ,urldate      = {2017-07-03}
}




% --------
% Textbook
% --------




% BibSource: https://books.google.com/books?id=Hn1KAQAAIAAJ
@book{REF:textbook:1995-vaccaro
 ,author    = {Vaccaro, Richard J.}
 ,title     = {Digital Control: A State-space Approach}
 ,publisher = {Mcgraw-Hill College}
 ,date      = {1995-01}
 ,series    = {Mcgraw Hill Series in Electrical and Computer Engineering}
 ,isbn      = {978-0070667815}
}





% BibSource: https://books.google.com/books?id=Hn1KAQAAIAAJ
@book{REF:textbook:1995-lewis
 ,author    = {Lewis, Frank L.
                and Syrmos, Vassilis L.}
 ,title     = {Optimal Control}
 ,edition   = {Second}
 ,publisher = {Wiley-Interscience}
 ,date      = {1995-11}
 ,isbn      = {978-0-471-03378-3}
}





% BibSource: http://link.springer.com/chapter/10.1007%2F3-540-45000-9_8
@inbook{REF:textbook:2001-deLuca
 ,author    = {De Luca, Alessandro
                and Oriolo, Giuseppe
                and Vendittelli, Marilena
              }
 ,title     = {Control of Wheeled Mobile Robots: An Experimental Overview}
 ,bookTitle = {Ramsete: Articulated and Mobile Robotics for Services and Technologies}
 ,date      = {2001}
 ,publisher = {Springer Berlin Heidelberg}
 ,address   = {Berlin, Heidelberg}
 ,pages     = {181--226}
 ,isbn      = {978-3-540-45000-9}
 ,doi       = {10.1007/3-540-45000-9_8}
 ,url       = {http://dx.doi.org/10.1007/3-540-45000-9_8}
}




% -------------------------
% Thesis - 0. Undergraduate
% -------------------------



% BibSource: https://pdfs.semanticscholar.org/1c02/f9c1121e1e5635ca9380a3a91a07c519f347.pdf
% BibSource: https://dspace.mit.edu/handle/1721.1/69500
@misc{REF:thesis:undergraduate:2011-bageant
 ,author       = {Bageant, Maia R.}
 ,title        = {Balancing a Two-Wheeled Segway Robot}
 ,school       = {Massachusettes Institute of Technology (MIT): Department of Mechanical Engineering}
 ,date         = {2011-10}
 ,note         = {Undergraduate Thesis}
}



% -------------------
% Thesis - 1. Masters
% -------------------




% BibSource: http://digitalcommons.uri.edu/cgi/viewcontent.cgi?article=1113&context=theses
% BibSource: http://digitalcommons.uri.edu/dissertations/AAI1508237/
@mastersthesis{REF:thesis:masters:2012-peltier
 ,author      = {Peltier, Michael D.}
 ,title       = {Trajectory Control of a Two-Wheeled Robot}
 ,school      = {University of Rhode Island (URI): Department of Electrical Engineering}
 ,date        = {2012-01}
}




% BibSource: https://www.ncbi.nlm.nih.gov/pubmed/24187265
% BibSource: ieeexplore.ieee.org/iel7/6636282/6650332/06650448.pdf
@mastersthesis{REF:thesis:masters:2014-daSilva
 ,author      = {da Silva Jr, Airton R.}
 ,title       = {Design and Control of a Two-Wheeled Robotic Walker}
 ,school      = {University of Massachusettes (UMass): Department of Mechanical and Industrial Engineering}
 ,date        = {2014-05}
}






















